%%
%% This is file `xampl-thesis.bib',
%% generated with the docstrip utility.
%%
%% The original source files were:
%%
%% vakthesis.dtx  (with options: `xampl-thesis.bib')
%% 
%% IMPORTANT NOTICE:
%% 
%% For the copyright see the source file.
%% 
%% Any modified versions of this file must be renamed
%% with new filenames distinct from xampl-thesis.bib.
%% 
%% For distribution of the original source see the terms
%% for copying and modification in the file vakthesis.dtx.
%% 
%% This generated file may be distributed as long as the
%% original source files, as listed above, are part of the
%% same distribution. (The sources need not necessarily be
%% in the same archive or directory.)
%% xampl-thesis.bib  Приклад списку використаних джерел

@ARTICLE{VaZ75,
 author       = "К. Г. Валеев and Е. Д. Злебов",
 title        = "О метрической теории алгоритма {М.",В.",Остроградского}",
 journal      = "Укр. мат. журн.",
 volume       = 27,
 number       = 1,
 year         = 1975,
 pages        = "64--69",
 language     = "russian"
}

@BOOK{Pra98,
 author       = "М. В. Працьовитий",
 title        = "Фрактальний підхід у дослідженнях сингулярних розподілів",
 publisher    = "Вид-во НПУ імені М.~П.~Драгоманова",
 address      = "Київ",
 year         = 1998,
 pagetotal    = 296,
 language     = "ukrainian"
}

@ARTICLE{Rem51,
 author       = "Е. Я. Ремез",
 title        = "О знакопеременных рядах, которые могут быть связаны
                 с двумя алгорифмами {М.",В.",Остроградского} для
                 приближения иррациональных чисел",
 journal      = "Успехи мат. наук",
 volume       = 6,
 number       = "5 (45)",
 year         = 1951,
 pages        = "33--42",
 language     = "russian"
}

@ARTICLE{Pie29,
 author       = "T. A. Pierce",
 title        = "On an algorithm and its use in approximating roots
                 of algebraic equations",
 journal      = "Amer. Math. Monthly",
 volume       = 36,
 year         = 1929,
 number       = 10,
 pages        = "523--525",
 language     = "english"
}

@ARTICLE{Sha86,
 author       = "J. O. Shallit",
 title        = "Metric theory of {Pierce} expansions",
 journal      = "Fibonacci Quart.",
 volume       = 24,
 number       = 1,
 year         = 1986,
 pages        = "22--40",
 language     = "english"
}

@ARTICLE{Sie11STNW,
 author       = "W. Sierpi\'{n}ski",
 title        = "O kilku algorytmach dla rozwijania
                liczb rzeczywistych na szeregi",
 journal      = "Sprawozdania z posiedze\'{n} Towarzystwa
                Naukowego Warszawskiego, Wydzia\l{} III",
 volume       = 4,
 year         = 1911,
 pages        = "56--77",
 note         = "Є франц. переклад {\selectlanguageifdefined{french}
\BibEmph{Sierpi\'{n}ski~W.} Sur quelques algorithmes pour d\'{e}velopper les
  nombres r\'{e}els en s\'{e}ries~// Oeuvres choisies. "---
\newblock Warszawa: PWN, 1974. "---
\newblock t.~I. "---
\newblock P.~236--254.}",
 language     = "polish"
}

INCOLLECTION{Sie74,
 author       = "W. Sierpi\'{n}ski",
 title        = "Sur quelques algorithmes pour d\'{e}velopper
                les nombres r\'{e}els en s\'{e}ries",
 booktitle    = "Oeuvres choisies",
 publisher    = "PWN",
 address      = "Warszawa",
 volume       = "I",
 year         = 1974,
 pages        = "236--254",
 language     = "french"
}
