%%
%% This is file `xampl-mybib.bib',
%% generated with the docstrip utility.
%%
%% The original source files were:
%%
%% vakthesis.dtx  (with options: `xampl-mybib.bib')
%% 
%% IMPORTANT NOTICE:
%% 
%% For the copyright see the source file.
%% 
%% Any modified versions of this file must be renamed
%% with new filenames distinct from xampl-mybib.bib.
%% 
%% For distribution of the original source see the terms
%% for copying and modification in the file vakthesis.dtx.
%% 
%% This generated file may be distributed as long as the
%% original source files, as listed above, are part of the
%% same distribution. (The sources need not necessarily be
%% in the same archive or directory.)
%% xampl-mybib.bib  Приклад списку публікацій автора

@INCOLLECTION{Bar98fasp1,
 author       = "О. М. Барановський",
 title        = "Ряди {Остроградського} як засіб аналітичного
                задання множин і випадкових величин",
 booktitle    = "Фрактальний аналіз та суміжні питання",
 publisher    = "Ін-т математики НАН України;
                Нац. пед. ун-т імені М.~П.~Драгоманова",
 address      = "Київ",
 year         = 1998,
 number       = 1,
 pages        = "91--102",
 language     = "ukrainian"
}

@INCOLLECTION{Bar98fasp2,
 author       = "О. М. Барановський",
 title        = "Задання ніде не диференційовних функцій за допомогою
                представлення чисел рядами {Остроградського}",
 booktitle    = "Фрактальний аналіз та суміжні питання",
 publisher    = "Ін-т математики НАН України;
                Нац. пед. ун-т імені М.~П.~Драгоманова",
 address      = "Київ",
 year         = 1998,
 number       = 2,
 pages        = "215--221",
 language     = "ukrainian"
}

@INPROCEEDINGS{PrB01umc,
 author       = "М. В. Працьовитий and О. М. Барановський",
 title        = "Ряди {Остроградського} та їх використання для
                дослідження математичних об'єктів зі складною
                локальною будовою",
 booktitle    = "Теорія ймовірностей і математична статистика:
                Український математичний конгрес, Київ, 21--23 серпня 2001~р.: Тези допов.",
 xbooktitle    = "Український математичний конгрес,
                21--23 серпня 2001~р., Київ.
                Теорія ймовірностей і математична статистика:
                Тези доповідей",
 address      = "Київ",
 year         = 2001,
 pages        = 26,
 language     = "ukrainian"
}
